<?xml version="1.0" encoding="UTF-8"?><collection><record><leader>04615ntm a2200589 a 4500</leader><controlfield tag="001">006833910</controlfield><controlfield tag="003">MiAaHDL</controlfield><controlfield tag="005">20190719000000.0</controlfield><controlfield tag="006">m        d        </controlfield><controlfield tag="007">cr bn ---auaua</controlfield><controlfield tag="008">090702s1919    ua            00| ||ara d</controlfield><datafield tag="035" ind1=" " ind2=" "><subfield code="a">(MiU)006833910</subfield></datafield><datafield tag="035" ind1=" " ind2=" "><subfield code="a">sdr-miu006833910</subfield></datafield><datafield tag="040" ind1=" " ind2=" "><subfield code="a">MiU</subfield><subfield code="c">MiU</subfield><subfield code="e">amremm</subfield></datafield><datafield tag="043" ind1=" " ind2=" "><subfield code="a">n-us-mi</subfield></datafield><datafield tag="100" ind1="0" ind2=" "><subfield code="6">880-01</subfield><subfield code="a">ʻAbduʼl-Bahá,</subfield><subfield code="d">1844-1921.</subfield></datafield><datafield tag="245" ind1="1" ind2="0"><subfield code="6">880-03</subfield><subfield code="a">Muʻtaqad Ahl al-Bahāʼ,</subfield><subfield code="f">[1919].</subfield></datafield><datafield tag="246" ind1="3" ind2="4"><subfield code="a">معتقد اهل البهاء</subfield></datafield><datafield tag="246" ind1="3" ind2=" "><subfield code="a">دعايات ومبشرات ميرزا عباس للبهاء</subfield></datafield><datafield tag="246" ind1="3" ind2=" "><subfield code="i">Title from inscription on 'title page' (p.1):</subfield><subfield code="a">دعاية ومبشرات ميرزا عباس للبهاء</subfield></datafield><datafield tag="246" ind1="3" ind2=" "><subfield code="a">دعايات ومبشرات ميرزا عباس للبهاء</subfield></datafield><datafield tag="260" ind1=" " ind2=" "><subfield code="a">[Egypt,</subfield><subfield code="c">1919].</subfield></datafield><datafield tag="300" ind1=" " ind2=" "><subfield code="a">14 leaves :</subfield><subfield code="b">paper ;</subfield><subfield code="c">192 x 136 (135 x 70) mm. bound to 201 x 142 mm.</subfield></datafield><datafield tag="500" ind1=" " ind2=" "><subfield code="a">Shelfmark: Ann Arbor, University of Michigan, Special Collections Library, Isl. Ms. 990</subfield></datafield><datafield tag="500" ind1=" " ind2=" "><subfield code="a">Origin: As appears in colophon on p.21, apparently copied in Egypt by Muḥyī al-Dīn al-Kurdī (head muqriʼ in the Sulṭān Qalāwūn complex [?]) with transcription completed 19 January 1919.</subfield></datafield><datafield tag="500" ind1=" " ind2=" "><subfield code="a">Former shelfmark: Mich. Isl. Ms. temp. no. 139</subfield></datafield><datafield tag="500" ind1=" " ind2=" "><subfield code="a">Binding: Boards covered in black textured cloth ; pastedowns and flyleaves in wove paper printed with a geometric pattern (resembling a scale pattern) in olive green or dull gold ; cover gold-stamped with "معتقد اهل البهاء" ; sewn in white thread, six stations ; overall in fairly good condition.</subfield></datafield><datafield tag="500" ind1=" " ind2=" "><subfield code="a">Support: Wove paper.</subfield></datafield><datafield tag="500" ind1=" " ind2=" "><subfield code="a">Decoration: Some headings, glosses and corrections rubricated ; overlining in red.</subfield></datafield><datafield tag="500" ind1=" " ind2=" "><subfield code="a">Script: Naskh ; elegant modern hand in a thin to medium line ; mainly serifless with effect of tilt to the left, slight effect of words descending to baseline, curvilinear descenders, open and curved counters, pointing in strokes or conjoined dots (typically oriented vertically), final yāʼ usually unpointed, partially vocalized.</subfield></datafield><datafield tag="500" ind1=" " ind2=" "><subfield code="a">Layout: Written in 11 and 17 lines per page ; frame-ruled.</subfield></datafield><datafield tag="500" ind1=" " ind2=" "><subfield code="a">Collation: i, VII (14), i ; a single septenion ; final leaves left blank (see pp.22-28) ; catchwords present ; pagination mainly in black ink, Hindu-Arabic numerals ; pagination in pencil, Western numerals, supplied during digitization.</subfield></datafield><datafield tag="500" ind1=" " ind2=" "><subfield code="a">Colophon: "Scribal [?]," reads "حرر ذلك بقلم الفاني [؟] محيي الدين الكردي ... شيخ المقرئ [القراء] بسلطان قلاون بمصر في ١٩ يناير سنه ١٩١٩"</subfield></datafield><datafield tag="500" ind1=" " ind2=" "><subfield code="a">Explicit: "نزلت في الكتب والصحف السماوية من قبل وبدليل التقرير والمعجزات ونختتم كيفية الاستدلال في ضمن اربع فصول ان شاء الله"</subfield></datafield><datafield tag="500" ind1=" " ind2=" "><subfield code="a">Incipit: "اعلم ايها الباحث الفاضل الجليل ايدك الله بروح منه انه لا يخفى عليك ان من يتبع الكتب السماوية وينظر فيها بنظر التدقيق والتحقيق ويتصفحها بالتأمل والتدبر يعرف ويعلم بان الكتب المنزلة على الانبياء والصحف المقدسة باجمعها مملوءة بالبشارات العظمة ومتفقون على خبر واحد ..."</subfield></datafield><datafield tag="500" ind1=" " ind2=" "><subfield code="a">Title from inscription at opening on p.2.</subfield></datafield><datafield tag="500" ind1=" " ind2=" "><subfield code="a">Ms. codex.</subfield></datafield><datafield tag="510" ind1="4" ind2=" "><subfield code="a">Brockelmann, C. GAL,</subfield><subfield code="c">S II 847</subfield></datafield><datafield tag="520" ind1="8" ind2=" "><subfield code="a">Careful copy of a concise Bahai tract.</subfield></datafield><datafield tag="538" ind1=" " ind2=" "><subfield code="a">Mode of access: Internet.</subfield></datafield><datafield tag="541" ind1=" " ind2=" "><subfield code="a">Acquired in the Fall of 1950.</subfield></datafield><datafield tag="546" ind1=" " ind2=" "><subfield code="a">Arabic.</subfield></datafield><datafield tag="561" ind1=" " ind2=" "><subfield code="a">On upper pastedown, label with ex libris of James Heyworth-Dunne (d.1974), stamped with inventory number, "Ex Libris | J. Heyworth-Dunne | D. Lit. (London) | No. 7934" ; UM Library inscription on p.3 "Dunning | Heyworth-Dunne | 6-13-51 | 71955" ; corrections and glosses in red ink ; further interlinear and marginal corrections in purple pencil.</subfield></datafield><datafield tag="650" ind1=" " ind2="0"><subfield code="a">Manuscripts, Arabic</subfield><subfield code="z">Michigan</subfield><subfield code="z">Ann Arbor.</subfield></datafield><datafield tag="650" ind1=" " ind2="0"><subfield code="a">Eschatology.</subfield></datafield><datafield tag="650" ind1=" " ind2="0"><subfield code="a">Bahai Faith</subfield><subfield code="x">Doctrines.</subfield></datafield><datafield tag="700" ind1="1" ind2=" "><subfield code="a">Heyworth-Dunne, J.</subfield><subfield code="q">(James),</subfield><subfield code="e">former owner.</subfield></datafield><datafield tag="700" ind1="0" ind2=" "><subfield code="6">880-07</subfield><subfield code="a">Muḥyī al-Dīn al-Kurdī,</subfield><subfield code="d">fl. 1919,</subfield><subfield code="e">scribe.</subfield></datafield><datafield tag="773" ind1="0" ind2=" "><subfield code="a">Heyworth-Dunne Collection.</subfield></datafield><datafield tag="880" ind1="0" ind2=" "><subfield code="6">700-07/</subfield><subfield code="a">محيي الدين الكردي،</subfield><subfield code="e">ناسخ.</subfield></datafield><datafield tag="880" ind1="1" ind2="0"><subfield code="6">245-03/</subfield><subfield code="a">معتقد اهل البهاء،</subfield><subfield code="f">[1919م].</subfield></datafield><datafield tag="880" ind1="0" ind2=" "><subfield code="6">100-01/</subfield><subfield code="a">عبد البها.</subfield></datafield><datafield tag="CID" ind1=" " ind2=" "><subfield code="a">006833910</subfield></datafield><datafield tag="DAT" ind1="0" ind2=" "><subfield code="a">20190719102641.0</subfield><subfield code="b">20190719000000.0</subfield></datafield><datafield tag="DAT" ind1="1" ind2=" "><subfield code="a">20190719090653.0</subfield><subfield code="b">2019-07-19T16:12:32Z</subfield></datafield><datafield tag="DAT" ind1="2" ind2=" "><subfield code="a">2015-10-10T18:00:06Z</subfield><subfield code="b">2014-04-23T20:00:03Z</subfield></datafield><datafield tag="CAT" ind1=" " ind2=" "><subfield code="a">SDR-MIU</subfield><subfield code="d">EX LIBRIS - ALEPH</subfield><subfield code="l">prepare.pl-004-008</subfield></datafield><datafield tag="FMT" ind1=" " ind2=" "><subfield code="a">BK</subfield></datafield><datafield tag="HOL" ind1=" " ind2=" "><subfield code="0">sdr-miu006833910</subfield><subfield code="a">MiU</subfield><subfield code="b">SDR</subfield><subfield code="c">MIU</subfield><subfield code="p">mdp.39015079131770</subfield><subfield code="s">MIU</subfield><subfield code="1">006833910</subfield></datafield><datafield tag="974" ind1=" " ind2=" "><subfield code="b">MIU</subfield><subfield code="c">MIU</subfield><subfield code="d">20190719</subfield><subfield code="s">lit-dlps-dc</subfield><subfield code="u">mdp.39015079131770</subfield><subfield code="y">1919</subfield><subfield code="r">pd</subfield><subfield code="q">add</subfield></datafield></record></collection>